<record><leader>00000cas a22000007a 4500</leader><controlfield tag="001">13027420</controlfield><controlfield tag="008">860116d18251826nyudr ne      0    0eng d</controlfield><datafield ind1=" " ind2=" " tag="010"><subfield code="a">sn 86053025 </subfield></datafield><datafield ind1=" " ind2=" " tag="040"><subfield code="a">NPX</subfield><subfield code="b">eng</subfield><subfield code="c">NPX</subfield><subfield code="d">OCL</subfield><subfield code="d">OCLCQ</subfield></datafield><datafield ind1=" " ind2=" " tag="042"><subfield code="a">msc</subfield></datafield><datafield ind1="0" ind2="0" tag="245"><subfield code="a">[A]lbany patriot. [And dai]ly commercial advertiser.</subfield></datafield><datafield ind1="1" ind2="3" tag="246"><subfield code="a">Albany patriot</subfield></datafield><datafield ind1=" " ind2=" " tag="260"><subfield code="a">Albany [N.Y. :</subfield><subfield code="b">George Galpin]</subfield></datafield><datafield ind1=" " ind2=" " tag="300"><subfield code="a">v.</subfield></datafield><datafield ind1=" " ind2=" " tag="310"><subfield code="a">Daily</subfield></datafield><datafield ind1="1" ind2=" " tag="362"><subfield code="a">Began with Aug. 8, 1825 issue.</subfield><subfield code="z">Cf. Weise, A.J. Hist. of the city of Albany, N.Y., 1884.</subfield></datafield><datafield ind1="1" ind2=" " tag="362"><subfield code="a">Ceased in Feb. 1826.</subfield><subfield code="z">Cf. Albany patriot (Albany, N.Y. : 1825), Feb. 28, 1826.</subfield></datafield><datafield ind1=" " ind2=" " tag="500"><subfield code="a">Title recorded in Weise, A.J. Hist. of the city of Albany, N.Y., 1884.</subfield></datafield><datafield ind1=" " ind2=" " tag="500"><subfield code="a">Publisher's name recorded in Weise, A.J. Hist. of the city of Albany, N.Y., 1884.</subfield></datafield><datafield ind1=" " ind2=" " tag="580"><subfield code="a">Semiweekly eds.: Albany patriot, for the country; Albany patriot (Albany, N.Y. : 1825).</subfield></datafield><datafield ind1=" " ind2=" " tag="588"><subfield code="a">Description based on: [vol. 1], no. 76 (Nov. 4, 1825).</subfield></datafield><datafield ind1=" " ind2=" " tag="752"><subfield code="a">United States</subfield><subfield code="b">New York</subfield><subfield code="c">Albany</subfield><subfield code="d">Albany.</subfield></datafield><datafield ind1="1" ind2=" " tag="775"><subfield code="t">Albany patriot, for the country</subfield><subfield code="w">(DLC)sn 86053024</subfield></datafield><datafield ind1="1" ind2=" " tag="775"><subfield code="t">Albany patriot (Albany, N.Y. : 1825)</subfield><subfield code="w">(DLC)sn 85054233</subfield></datafield><datafield ind1="1" ind2=" " tag="029"><subfield code="a">AU@</subfield><subfield code="b">000022744376</subfield></datafield></record>